%YAML 1.1
%TAG !u! tag:unity3d.com,2011:
--- !u!29 &1
OcclusionCullingSettings:
  m_ObjectHideFlags: 0
  serializedVersion: 2
  m_OcclusionBakeSettings:
    smallestOccluder: 5
    smallestHole: 0.25
    backfaceThreshold: 100
  m_SceneGUID: 00000000000000000000000000000000
  m_OcclusionCullingData: {fileID: 0}
--- !u!104 &2
RenderSettings:
  m_ObjectHideFlags: 0
  serializedVersion: 9
  m_Fog: 0
  m_FogColor: {r: 0.5, g: 0.5, b: 0.5, a: 1}
  m_FogMode: 3
  m_FogDensity: 0.01
  m_LinearFogStart: 0
  m_LinearFogEnd: 300
  m_AmbientSkyColor: {r: 0.212, g: 0.227, b: 0.259, a: 1}
  m_AmbientEquatorColor: {r: 0.114, g: 0.125, b: 0.133, a: 1}
  m_AmbientGroundColor: {r: 0.047, g: 0.043, b: 0.035, a: 1}
  m_AmbientIntensity: 1
  m_AmbientMode: 0
  m_SubtractiveShadowColor: {r: 0.42, g: 0.478, b: 0.627, a: 1}
  m_SkyboxMaterial: {fileID: 10304, guid: 0000000000000000f000000000000000, type: 0}
  m_HaloStrength: 0.5
  m_FlareStrength: 1
  m_FlareFadeSpeed: 3
  m_HaloTexture: {fileID: 0}
  m_SpotCookie: {fileID: 10001, guid: 0000000000000000e000000000000000, type: 0}
  m_DefaultReflectionMode: 0
  m_DefaultReflectionResolution: 128
  m_ReflectionBounces: 1
  m_ReflectionIntensity: 1
  m_CustomReflection: {fileID: 0}
  m_Sun: {fileID: 0}
  m_IndirectSpecularColor: {r: 0.12731749, g: 0.13414757, b: 0.1210787, a: 1}
  m_UseRadianceAmbientProbe: 0
--- !u!157 &3
LightmapSettings:
  m_ObjectHideFlags: 0
  serializedVersion: 12
  m_GIWorkflowMode: 1
  m_GISettings:
    serializedVersion: 2
    m_BounceScale: 1
    m_IndirectOutputScale: 1
    m_AlbedoBoost: 1
    m_EnvironmentLightingMode: 0
    m_EnableBakedLightmaps: 1
    m_EnableRealtimeLightmaps: 0
  m_LightmapEditorSettings:
    serializedVersion: 12
    m_Resolution: 2
    m_BakeResolution: 40
    m_AtlasSize: 1024
    m_AO: 0
    m_AOMaxDistance: 1
    m_CompAOExponent: 1
    m_CompAOExponentDirect: 0
    m_ExtractAmbientOcclusion: 0
    m_Padding: 2
    m_LightmapParameters: {fileID: 0}
    m_LightmapsBakeMode: 1
    m_TextureCompression: 1
    m_FinalGather: 0
    m_FinalGatherFiltering: 1
    m_FinalGatherRayCount: 256
    m_ReflectionCompression: 2
    m_MixedBakeMode: 2
    m_BakeBackend: 1
    m_PVRSampling: 1
    m_PVRDirectSampleCount: 32
    m_PVRSampleCount: 500
    m_PVRBounces: 2
    m_PVREnvironmentSampleCount: 500
    m_PVREnvironmentReferencePointCount: 2048
    m_PVRFilteringMode: 2
    m_PVRDenoiserTypeDirect: 0
    m_PVRDenoiserTypeIndirect: 0
    m_PVRDenoiserTypeAO: 0
    m_PVRFilterTypeDirect: 0
    m_PVRFilterTypeIndirect: 0
    m_PVRFilterTypeAO: 0
    m_PVREnvironmentMIS: 0
    m_PVRCulling: 1
    m_PVRFilteringGaussRadiusDirect: 1
    m_PVRFilteringGaussRadiusIndirect: 5
    m_PVRFilteringGaussRadiusAO: 2
    m_PVRFilteringAtrousPositionSigmaDirect: 0.5
    m_PVRFilteringAtrousPositionSigmaIndirect: 2
    m_PVRFilteringAtrousPositionSigmaAO: 1
    m_ExportTrainingData: 0
    m_TrainingDataDestination: TrainingData
    m_LightProbeSampleCountMultiplier: 4
  m_LightingDataAsset: {fileID: 0}
  m_LightingSettings: {fileID: 0}
--- !u!196 &4
NavMeshSettings:
  serializedVersion: 2
  m_ObjectHideFlags: 0
  m_BuildSettings:
    serializedVersion: 2
    agentTypeID: 0
    agentRadius: 0.5
    agentHeight: 2
    agentSlope: 45
    agentClimb: 0.4
    ledgeDropHeight: 0
    maxJumpAcrossDistance: 0
    minRegionArea: 2
    manualCellSize: 0
    cellSize: 0.16666667
    manualTileSize: 0
    tileSize: 256
    accuratePlacement: 0
    maxJobWorkers: 0
    preserveTilesOutsideBounds: 0
    debug:
      m_Flags: 0
  m_NavMeshData: {fileID: 0}
--- !u!1001 &133512311
PrefabInstance:
  m_ObjectHideFlags: 0
  serializedVersion: 2
  m_Modification:
    m_TransformParent: {fileID: 0}
    m_Modifications:
    - target: {fileID: 610510290549965700, guid: 15e32e5a96ee7e144ac5386f28fa0a62, type: 3}
      propertyPath: m_Name
      value: floor
      objectReference: {fileID: 0}
    - target: {fileID: 5708213664847998609, guid: 15e32e5a96ee7e144ac5386f28fa0a62, type: 3}
      propertyPath: m_RootOrder
      value: 1
      objectReference: {fileID: 0}
    - target: {fileID: 5708213664847998609, guid: 15e32e5a96ee7e144ac5386f28fa0a62, type: 3}
      propertyPath: m_LocalPosition.x
      value: 0
      objectReference: {fileID: 0}
    - target: {fileID: 5708213664847998609, guid: 15e32e5a96ee7e144ac5386f28fa0a62, type: 3}
      propertyPath: m_LocalPosition.y
      value: 0
      objectReference: {fileID: 0}
    - target: {fileID: 5708213664847998609, guid: 15e32e5a96ee7e144ac5386f28fa0a62, type: 3}
      propertyPath: m_LocalPosition.z
      value: 0
      objectReference: {fileID: 0}
    - target: {fileID: 5708213664847998609, guid: 15e32e5a96ee7e144ac5386f28fa0a62, type: 3}
      propertyPath: m_LocalRotation.w
      value: 1
      objectReference: {fileID: 0}
    - target: {fileID: 5708213664847998609, guid: 15e32e5a96ee7e144ac5386f28fa0a62, type: 3}
      propertyPath: m_LocalRotation.x
      value: 0
      objectReference: {fileID: 0}
    - target: {fileID: 5708213664847998609, guid: 15e32e5a96ee7e144ac5386f28fa0a62, type: 3}
      propertyPath: m_LocalRotation.y
      value: 0
      objectReference: {fileID: 0}
    - target: {fileID: 5708213664847998609, guid: 15e32e5a96ee7e144ac5386f28fa0a62, type: 3}
      propertyPath: m_LocalRotation.z
      value: 0
      objectReference: {fileID: 0}
    - target: {fileID: 5708213664847998609, guid: 15e32e5a96ee7e144ac5386f28fa0a62, type: 3}
      propertyPath: m_LocalEulerAnglesHint.x
      value: 0
      objectReference: {fileID: 0}
    - target: {fileID: 5708213664847998609, guid: 15e32e5a96ee7e144ac5386f28fa0a62, type: 3}
      propertyPath: m_LocalEulerAnglesHint.y
      value: 0
      objectReference: {fileID: 0}
    - target: {fileID: 5708213664847998609, guid: 15e32e5a96ee7e144ac5386f28fa0a62, type: 3}
      propertyPath: m_LocalEulerAnglesHint.z
      value: 0
      objectReference: {fileID: 0}
    m_RemovedComponents: []
  m_SourcePrefab: {fileID: 100100000, guid: 15e32e5a96ee7e144ac5386f28fa0a62, type: 3}
--- !u!1001 &160603917
PrefabInstance:
  m_ObjectHideFlags: 0
  serializedVersion: 2
  m_Modification:
    m_TransformParent: {fileID: 0}
    m_Modifications:
    - target: {fileID: 610510290549965700, guid: 15e32e5a96ee7e144ac5386f28fa0a62, type: 3}
      propertyPath: m_Name
      value: floor (4)
      objectReference: {fileID: 0}
    - target: {fileID: 5708213664847998609, guid: 15e32e5a96ee7e144ac5386f28fa0a62, type: 3}
      propertyPath: m_RootOrder
      value: 5
      objectReference: {fileID: 0}
    - target: {fileID: 5708213664847998609, guid: 15e32e5a96ee7e144ac5386f28fa0a62, type: 3}
      propertyPath: m_LocalPosition.x
      value: 0
      objectReference: {fileID: 0}
    - target: {fileID: 5708213664847998609, guid: 15e32e5a96ee7e144ac5386f28fa0a62, type: 3}
      propertyPath: m_LocalPosition.y
      value: 10.5
      objectReference: {fileID: 0}
    - target: {fileID: 5708213664847998609, guid: 15e32e5a96ee7e144ac5386f28fa0a62, type: 3}
      propertyPath: m_LocalPosition.z
      value: 0
      objectReference: {fileID: 0}
    - target: {fileID: 5708213664847998609, guid: 15e32e5a96ee7e144ac5386f28fa0a62, type: 3}
      propertyPath: m_LocalRotation.w
      value: 0.7071068
      objectReference: {fileID: 0}
    - target: {fileID: 5708213664847998609, guid: 15e32e5a96ee7e144ac5386f28fa0a62, type: 3}
      propertyPath: m_LocalRotation.x
      value: 0
      objectReference: {fileID: 0}
    - target: {fileID: 5708213664847998609, guid: 15e32e5a96ee7e144ac5386f28fa0a62, type: 3}
      propertyPath: m_LocalRotation.y
      value: 0.7071068
      objectReference: {fileID: 0}
    - target: {fileID: 5708213664847998609, guid: 15e32e5a96ee7e144ac5386f28fa0a62, type: 3}
      propertyPath: m_LocalRotation.z
      value: 0
      objectReference: {fileID: 0}
    - target: {fileID: 5708213664847998609, guid: 15e32e5a96ee7e144ac5386f28fa0a62, type: 3}
      propertyPath: m_LocalEulerAnglesHint.x
      value: 0
      objectReference: {fileID: 0}
    - target: {fileID: 5708213664847998609, guid: 15e32e5a96ee7e144ac5386f28fa0a62, type: 3}
      propertyPath: m_LocalEulerAnglesHint.y
      value: 90
      objectReference: {fileID: 0}
    - target: {fileID: 5708213664847998609, guid: 15e32e5a96ee7e144ac5386f28fa0a62, type: 3}
      propertyPath: m_LocalEulerAnglesHint.z
      value: 0
      objectReference: {fileID: 0}
    m_RemovedComponents: []
  m_SourcePrefab: {fileID: 100100000, guid: 15e32e5a96ee7e144ac5386f28fa0a62, type: 3}
--- !u!1001 &190668351
PrefabInstance:
  m_ObjectHideFlags: 0
  serializedVersion: 2
  m_Modification:
    m_TransformParent: {fileID: 0}
    m_Modifications:
    - target: {fileID: 610510290549965700, guid: 15e32e5a96ee7e144ac5386f28fa0a62, type: 3}
      propertyPath: m_Name
      value: floor (3)
      objectReference: {fileID: 0}
    - target: {fileID: 5708213664847998609, guid: 15e32e5a96ee7e144ac5386f28fa0a62, type: 3}
      propertyPath: m_RootOrder
      value: 4
      objectReference: {fileID: 0}
    - target: {fileID: 5708213664847998609, guid: 15e32e5a96ee7e144ac5386f28fa0a62, type: 3}
      propertyPath: m_LocalPosition.x
      value: 0
      objectReference: {fileID: 0}
    - target: {fileID: 5708213664847998609, guid: 15e32e5a96ee7e144ac5386f28fa0a62, type: 3}
      propertyPath: m_LocalPosition.y
      value: 4.5
      objectReference: {fileID: 0}
    - target: {fileID: 5708213664847998609, guid: 15e32e5a96ee7e144ac5386f28fa0a62, type: 3}
      propertyPath: m_LocalPosition.z
      value: 0
      objectReference: {fileID: 0}
    - target: {fileID: 5708213664847998609, guid: 15e32e5a96ee7e144ac5386f28fa0a62, type: 3}
      propertyPath: m_LocalRotation.w
      value: 0.7071068
      objectReference: {fileID: 0}
    - target: {fileID: 5708213664847998609, guid: 15e32e5a96ee7e144ac5386f28fa0a62, type: 3}
      propertyPath: m_LocalRotation.x
      value: 0
      objectReference: {fileID: 0}
    - target: {fileID: 5708213664847998609, guid: 15e32e5a96ee7e144ac5386f28fa0a62, type: 3}
      propertyPath: m_LocalRotation.y
      value: 0.7071068
      objectReference: {fileID: 0}
    - target: {fileID: 5708213664847998609, guid: 15e32e5a96ee7e144ac5386f28fa0a62, type: 3}
      propertyPath: m_LocalRotation.z
      value: 0
      objectReference: {fileID: 0}
    - target: {fileID: 5708213664847998609, guid: 15e32e5a96ee7e144ac5386f28fa0a62, type: 3}
      propertyPath: m_LocalEulerAnglesHint.x
      value: 0
      objectReference: {fileID: 0}
    - target: {fileID: 5708213664847998609, guid: 15e32e5a96ee7e144ac5386f28fa0a62, type: 3}
      propertyPath: m_LocalEulerAnglesHint.y
      value: 90
      objectReference: {fileID: 0}
    - target: {fileID: 5708213664847998609, guid: 15e32e5a96ee7e144ac5386f28fa0a62, type: 3}
      propertyPath: m_LocalEulerAnglesHint.z
      value: 0
      objectReference: {fileID: 0}
    m_RemovedComponents: []
  m_SourcePrefab: {fileID: 100100000, guid: 15e32e5a96ee7e144ac5386f28fa0a62, type: 3}
--- !u!1001 &266860736
PrefabInstance:
  m_ObjectHideFlags: 0
  serializedVersion: 2
  m_Modification:
    m_TransformParent: {fileID: 0}
    m_Modifications:
    - target: {fileID: 610510290549965700, guid: 15e32e5a96ee7e144ac5386f28fa0a62, type: 3}
      propertyPath: m_Name
      value: floor (17)
      objectReference: {fileID: 0}
    - target: {fileID: 5708213664847998609, guid: 15e32e5a96ee7e144ac5386f28fa0a62, type: 3}
      propertyPath: m_RootOrder
      value: 18
      objectReference: {fileID: 0}
    - target: {fileID: 5708213664847998609, guid: 15e32e5a96ee7e144ac5386f28fa0a62, type: 3}
      propertyPath: m_LocalPosition.x
      value: 0
      objectReference: {fileID: 0}
    - target: {fileID: 5708213664847998609, guid: 15e32e5a96ee7e144ac5386f28fa0a62, type: 3}
      propertyPath: m_LocalPosition.y
      value: 24
      objectReference: {fileID: 0}
    - target: {fileID: 5708213664847998609, guid: 15e32e5a96ee7e144ac5386f28fa0a62, type: 3}
      propertyPath: m_LocalPosition.z
      value: 0
      objectReference: {fileID: 0}
    - target: {fileID: 5708213664847998609, guid: 15e32e5a96ee7e144ac5386f28fa0a62, type: 3}
      propertyPath: m_LocalRotation.w
      value: 1
      objectReference: {fileID: 0}
    - target: {fileID: 5708213664847998609, guid: 15e32e5a96ee7e144ac5386f28fa0a62, type: 3}
      propertyPath: m_LocalRotation.x
      value: 0
      objectReference: {fileID: 0}
    - target: {fileID: 5708213664847998609, guid: 15e32e5a96ee7e144ac5386f28fa0a62, type: 3}
      propertyPath: m_LocalRotation.y
      value: 0
      objectReference: {fileID: 0}
    - target: {fileID: 5708213664847998609, guid: 15e32e5a96ee7e144ac5386f28fa0a62, type: 3}
      propertyPath: m_LocalRotation.z
      value: 0
      objectReference: {fileID: 0}
    - target: {fileID: 5708213664847998609, guid: 15e32e5a96ee7e144ac5386f28fa0a62, type: 3}
      propertyPath: m_LocalEulerAnglesHint.x
      value: 0
      objectReference: {fileID: 0}
    - target: {fileID: 5708213664847998609, guid: 15e32e5a96ee7e144ac5386f28fa0a62, type: 3}
      propertyPath: m_LocalEulerAnglesHint.y
      value: 0
      objectReference: {fileID: 0}
    - target: {fileID: 5708213664847998609, guid: 15e32e5a96ee7e144ac5386f28fa0a62, type: 3}
      propertyPath: m_LocalEulerAnglesHint.z
      value: 0
      objectReference: {fileID: 0}
    m_RemovedComponents: []
  m_SourcePrefab: {fileID: 100100000, guid: 15e32e5a96ee7e144ac5386f28fa0a62, type: 3}
--- !u!1001 &290360992
PrefabInstance:
  m_ObjectHideFlags: 0
  serializedVersion: 2
  m_Modification:
    m_TransformParent: {fileID: 0}
    m_Modifications:
    - target: {fileID: 610510290549965700, guid: 15e32e5a96ee7e144ac5386f28fa0a62, type: 3}
      propertyPath: m_Name
      value: floor (16)
      objectReference: {fileID: 0}
    - target: {fileID: 5708213664847998609, guid: 15e32e5a96ee7e144ac5386f28fa0a62, type: 3}
      propertyPath: m_RootOrder
      value: 17
      objectReference: {fileID: 0}
    - target: {fileID: 5708213664847998609, guid: 15e32e5a96ee7e144ac5386f28fa0a62, type: 3}
      propertyPath: m_LocalPosition.x
      value: 0
      objectReference: {fileID: 0}
    - target: {fileID: 5708213664847998609, guid: 15e32e5a96ee7e144ac5386f28fa0a62, type: 3}
      propertyPath: m_LocalPosition.y
      value: 25.5
      objectReference: {fileID: 0}
    - target: {fileID: 5708213664847998609, guid: 15e32e5a96ee7e144ac5386f28fa0a62, type: 3}
      propertyPath: m_LocalPosition.z
      value: 0
      objectReference: {fileID: 0}
    - target: {fileID: 5708213664847998609, guid: 15e32e5a96ee7e144ac5386f28fa0a62, type: 3}
      propertyPath: m_LocalRotation.w
      value: 0.7071068
      objectReference: {fileID: 0}
    - target: {fileID: 5708213664847998609, guid: 15e32e5a96ee7e144ac5386f28fa0a62, type: 3}
      propertyPath: m_LocalRotation.x
      value: 0
      objectReference: {fileID: 0}
    - target: {fileID: 5708213664847998609, guid: 15e32e5a96ee7e144ac5386f28fa0a62, type: 3}
      propertyPath: m_LocalRotation.y
      value: 0.7071068
      objectReference: {fileID: 0}
    - target: {fileID: 5708213664847998609, guid: 15e32e5a96ee7e144ac5386f28fa0a62, type: 3}
      propertyPath: m_LocalRotation.z
      value: 0
      objectReference: {fileID: 0}
    - target: {fileID: 5708213664847998609, guid: 15e32e5a96ee7e144ac5386f28fa0a62, type: 3}
      propertyPath: m_LocalEulerAnglesHint.x
      value: 0
      objectReference: {fileID: 0}
    - target: {fileID: 5708213664847998609, guid: 15e32e5a96ee7e144ac5386f28fa0a62, type: 3}
      propertyPath: m_LocalEulerAnglesHint.y
      value: 90
      objectReference: {fileID: 0}
    - target: {fileID: 5708213664847998609, guid: 15e32e5a96ee7e144ac5386f28fa0a62, type: 3}
      propertyPath: m_LocalEulerAnglesHint.z
      value: 0
      objectReference: {fileID: 0}
    m_RemovedComponents: []
  m_SourcePrefab: {fileID: 100100000, guid: 15e32e5a96ee7e144ac5386f28fa0a62, type: 3}
--- !u!1001 &302052882
PrefabInstance:
  m_ObjectHideFlags: 0
  serializedVersion: 2
  m_Modification:
    m_TransformParent: {fileID: 0}
    m_Modifications:
    - target: {fileID: 610510290549965700, guid: 15e32e5a96ee7e144ac5386f28fa0a62, type: 3}
      propertyPath: m_Name
      value: floor (14)
      objectReference: {fileID: 0}
    - target: {fileID: 5708213664847998609, guid: 15e32e5a96ee7e144ac5386f28fa0a62, type: 3}
      propertyPath: m_RootOrder
      value: 15
      objectReference: {fileID: 0}
    - target: {fileID: 5708213664847998609, guid: 15e32e5a96ee7e144ac5386f28fa0a62, type: 3}
      propertyPath: m_LocalPosition.x
      value: 0
      objectReference: {fileID: 0}
    - target: {fileID: 5708213664847998609, guid: 15e32e5a96ee7e144ac5386f28fa0a62, type: 3}
      propertyPath: m_LocalPosition.y
      value: 21
      objectReference: {fileID: 0}
    - target: {fileID: 5708213664847998609, guid: 15e32e5a96ee7e144ac5386f28fa0a62, type: 3}
      propertyPath: m_LocalPosition.z
      value: 0
      objectReference: {fileID: 0}
    - target: {fileID: 5708213664847998609, guid: 15e32e5a96ee7e144ac5386f28fa0a62, type: 3}
      propertyPath: m_LocalRotation.w
      value: 1
      objectReference: {fileID: 0}
    - target: {fileID: 5708213664847998609, guid: 15e32e5a96ee7e144ac5386f28fa0a62, type: 3}
      propertyPath: m_LocalRotation.x
      value: 0
      objectReference: {fileID: 0}
    - target: {fileID: 5708213664847998609, guid: 15e32e5a96ee7e144ac5386f28fa0a62, type: 3}
      propertyPath: m_LocalRotation.y
      value: 0
      objectReference: {fileID: 0}
    - target: {fileID: 5708213664847998609, guid: 15e32e5a96ee7e144ac5386f28fa0a62, type: 3}
      propertyPath: m_LocalRotation.z
      value: 0
      objectReference: {fileID: 0}
    - target: {fileID: 5708213664847998609, guid: 15e32e5a96ee7e144ac5386f28fa0a62, type: 3}
      propertyPath: m_LocalEulerAnglesHint.x
      value: 0
      objectReference: {fileID: 0}
    - target: {fileID: 5708213664847998609, guid: 15e32e5a96ee7e144ac5386f28fa0a62, type: 3}
      propertyPath: m_LocalEulerAnglesHint.y
      value: 0
      objectReference: {fileID: 0}
    - target: {fileID: 5708213664847998609, guid: 15e32e5a96ee7e144ac5386f28fa0a62, type: 3}
      propertyPath: m_LocalEulerAnglesHint.z
      value: 0
      objectReference: {fileID: 0}
    m_RemovedComponents: []
  m_SourcePrefab: {fileID: 100100000, guid: 15e32e5a96ee7e144ac5386f28fa0a62, type: 3}
--- !u!1001 &371900672
PrefabInstance:
  m_ObjectHideFlags: 0
  serializedVersion: 2
  m_Modification:
    m_TransformParent: {fileID: 0}
    m_Modifications:
    - target: {fileID: 610510290549965700, guid: 15e32e5a96ee7e144ac5386f28fa0a62, type: 3}
      propertyPath: m_Name
      value: floor (7)
      objectReference: {fileID: 0}
    - target: {fileID: 5708213664847998609, guid: 15e32e5a96ee7e144ac5386f28fa0a62, type: 3}
      propertyPath: m_RootOrder
      value: 8
      objectReference: {fileID: 0}
    - target: {fileID: 5708213664847998609, guid: 15e32e5a96ee7e144ac5386f28fa0a62, type: 3}
      propertyPath: m_LocalPosition.x
      value: 0
      objectReference: {fileID: 0}
    - target: {fileID: 5708213664847998609, guid: 15e32e5a96ee7e144ac5386f28fa0a62, type: 3}
      propertyPath: m_LocalPosition.y
      value: 6
      objectReference: {fileID: 0}
    - target: {fileID: 5708213664847998609, guid: 15e32e5a96ee7e144ac5386f28fa0a62, type: 3}
      propertyPath: m_LocalPosition.z
      value: 0
      objectReference: {fileID: 0}
    - target: {fileID: 5708213664847998609, guid: 15e32e5a96ee7e144ac5386f28fa0a62, type: 3}
      propertyPath: m_LocalRotation.w
      value: 1
      objectReference: {fileID: 0}
    - target: {fileID: 5708213664847998609, guid: 15e32e5a96ee7e144ac5386f28fa0a62, type: 3}
      propertyPath: m_LocalRotation.x
      value: 0
      objectReference: {fileID: 0}
    - target: {fileID: 5708213664847998609, guid: 15e32e5a96ee7e144ac5386f28fa0a62, type: 3}
      propertyPath: m_LocalRotation.y
      value: 0
      objectReference: {fileID: 0}
    - target: {fileID: 5708213664847998609, guid: 15e32e5a96ee7e144ac5386f28fa0a62, type: 3}
      propertyPath: m_LocalRotation.z
      value: 0
      objectReference: {fileID: 0}
    - target: {fileID: 5708213664847998609, guid: 15e32e5a96ee7e144ac5386f28fa0a62, type: 3}
      propertyPath: m_LocalEulerAnglesHint.x
      value: 0
      objectReference: {fileID: 0}
    - target: {fileID: 5708213664847998609, guid: 15e32e5a96ee7e144ac5386f28fa0a62, type: 3}
      propertyPath: m_LocalEulerAnglesHint.y
      value: 0
      objectReference: {fileID: 0}
    - target: {fileID: 5708213664847998609, guid: 15e32e5a96ee7e144ac5386f28fa0a62, type: 3}
      propertyPath: m_LocalEulerAnglesHint.z
      value: 0
      objectReference: {fileID: 0}
    m_RemovedComponents: []
  m_SourcePrefab: {fileID: 100100000, guid: 15e32e5a96ee7e144ac5386f28fa0a62, type: 3}
--- !u!1001 &449305164
PrefabInstance:
  m_ObjectHideFlags: 0
  serializedVersion: 2
  m_Modification:
    m_TransformParent: {fileID: 0}
    m_Modifications:
    - target: {fileID: 610510290549965700, guid: 15e32e5a96ee7e144ac5386f28fa0a62, type: 3}
      propertyPath: m_Name
      value: floor (12)
      objectReference: {fileID: 0}
    - target: {fileID: 5708213664847998609, guid: 15e32e5a96ee7e144ac5386f28fa0a62, type: 3}
      propertyPath: m_RootOrder
      value: 13
      objectReference: {fileID: 0}
    - target: {fileID: 5708213664847998609, guid: 15e32e5a96ee7e144ac5386f28fa0a62, type: 3}
      propertyPath: m_LocalPosition.x
      value: 0
      objectReference: {fileID: 0}
    - target: {fileID: 5708213664847998609, guid: 15e32e5a96ee7e144ac5386f28fa0a62, type: 3}
      propertyPath: m_LocalPosition.y
      value: 12
      objectReference: {fileID: 0}
    - target: {fileID: 5708213664847998609, guid: 15e32e5a96ee7e144ac5386f28fa0a62, type: 3}
      propertyPath: m_LocalPosition.z
      value: 0
      objectReference: {fileID: 0}
    - target: {fileID: 5708213664847998609, guid: 15e32e5a96ee7e144ac5386f28fa0a62, type: 3}
      propertyPath: m_LocalRotation.w
      value: 1
      objectReference: {fileID: 0}
    - target: {fileID: 5708213664847998609, guid: 15e32e5a96ee7e144ac5386f28fa0a62, type: 3}
      propertyPath: m_LocalRotation.x
      value: 0
      objectReference: {fileID: 0}
    - target: {fileID: 5708213664847998609, guid: 15e32e5a96ee7e144ac5386f28fa0a62, type: 3}
      propertyPath: m_LocalRotation.y
      value: 0
      objectReference: {fileID: 0}
    - target: {fileID: 5708213664847998609, guid: 15e32e5a96ee7e144ac5386f28fa0a62, type: 3}
      propertyPath: m_LocalRotation.z
      value: 0
      objectReference: {fileID: 0}
    - target: {fileID: 5708213664847998609, guid: 15e32e5a96ee7e144ac5386f28fa0a62, type: 3}
      propertyPath: m_LocalEulerAnglesHint.x
      value: 0
      objectReference: {fileID: 0}
    - target: {fileID: 5708213664847998609, guid: 15e32e5a96ee7e144ac5386f28fa0a62, type: 3}
      propertyPath: m_LocalEulerAnglesHint.y
      value: 0
      objectReference: {fileID: 0}
    - target: {fileID: 5708213664847998609, guid: 15e32e5a96ee7e144ac5386f28fa0a62, type: 3}
      propertyPath: m_LocalEulerAnglesHint.z
      value: 0
      objectReference: {fileID: 0}
    m_RemovedComponents: []
  m_SourcePrefab: {fileID: 100100000, guid: 15e32e5a96ee7e144ac5386f28fa0a62, type: 3}
--- !u!1 &493669495
GameObject:
  m_ObjectHideFlags: 0
  m_CorrespondingSourceObject: {fileID: 0}
  m_PrefabInstance: {fileID: 0}
  m_PrefabAsset: {fileID: 0}
  serializedVersion: 6
  m_Component:
  - component: {fileID: 493669497}
  - component: {fileID: 493669496}
  m_Layer: 0
  m_Name: Spot Light
  m_TagString: Untagged
  m_Icon: {fileID: 0}
  m_NavMeshLayer: 0
  m_StaticEditorFlags: 0
  m_IsActive: 1
--- !u!108 &493669496
Light:
  m_ObjectHideFlags: 0
  m_CorrespondingSourceObject: {fileID: 0}
  m_PrefabInstance: {fileID: 0}
  m_PrefabAsset: {fileID: 0}
  m_GameObject: {fileID: 493669495}
  m_Enabled: 1
  serializedVersion: 10
  m_Type: 0
  m_Shape: 0
  m_Color: {r: 1, g: 1, b: 1, a: 1}
  m_Intensity: 1
  m_Range: 527.62
  m_SpotAngle: 30
  m_InnerSpotAngle: 21.80208
  m_CookieSize: 10
  m_Shadows:
    m_Type: 0
    m_Resolution: -1
    m_CustomResolution: -1
    m_Strength: 1
    m_Bias: 0.05
    m_NormalBias: 0.4
    m_NearPlane: 0.2
    m_CullingMatrixOverride:
      e00: 1
      e01: 0
      e02: 0
      e03: 0
      e10: 0
      e11: 1
      e12: 0
      e13: 0
      e20: 0
      e21: 0
      e22: 1
      e23: 0
      e30: 0
      e31: 0
      e32: 0
      e33: 1
    m_UseCullingMatrixOverride: 0
  m_Cookie: {fileID: 0}
  m_DrawHalo: 0
  m_Flare: {fileID: 0}
  m_RenderMode: 0
  m_CullingMask:
    serializedVersion: 2
    m_Bits: 4294967295
  m_RenderingLayerMask: 1
  m_Lightmapping: 4
  m_LightShadowCasterMode: 0
  m_AreaSize: {x: 1, y: 1}
  m_BounceIntensity: 1
  m_ColorTemperature: 6570
  m_UseColorTemperature: 0
  m_BoundingSphereOverride: {x: 0, y: 0, z: 0, w: 0}
  m_UseBoundingSphereOverride: 0
  m_UseViewFrustumForShadowCasterCull: 1
  m_ShadowRadius: 0
  m_ShadowAngle: 0
--- !u!4 &493669497
Transform:
  m_ObjectHideFlags: 0
  m_CorrespondingSourceObject: {fileID: 0}
  m_PrefabInstance: {fileID: 0}
  m_PrefabAsset: {fileID: 0}
  m_GameObject: {fileID: 493669495}
  m_LocalRotation: {x: 0.7071068, y: 0, z: 0, w: 0.7071068}
  m_LocalPosition: {x: 0.1, y: 121.79, z: 1.9}
  m_LocalScale: {x: 1, y: 1, z: 1}
  m_ConstrainProportionsScale: 0
  m_Children: []
  m_Father: {fileID: 0}
  m_RootOrder: 25
  m_LocalEulerAnglesHint: {x: 90, y: 0, z: 0}
--- !u!1001 &562452489
PrefabInstance:
  m_ObjectHideFlags: 0
  serializedVersion: 2
  m_Modification:
    m_TransformParent: {fileID: 0}
    m_Modifications:
    - target: {fileID: 610510290549965700, guid: 15e32e5a96ee7e144ac5386f28fa0a62, type: 3}
      propertyPath: m_Name
      value: floor (8)
      objectReference: {fileID: 0}
    - target: {fileID: 5708213664847998609, guid: 15e32e5a96ee7e144ac5386f28fa0a62, type: 3}
      propertyPath: m_RootOrder
      value: 9
      objectReference: {fileID: 0}
    - target: {fileID: 5708213664847998609, guid: 15e32e5a96ee7e144ac5386f28fa0a62, type: 3}
      propertyPath: m_LocalPosition.x
      value: 0
      objectReference: {fileID: 0}
    - target: {fileID: 5708213664847998609, guid: 15e32e5a96ee7e144ac5386f28fa0a62, type: 3}
      propertyPath: m_LocalPosition.y
      value: 16.5
      objectReference: {fileID: 0}
    - target: {fileID: 5708213664847998609, guid: 15e32e5a96ee7e144ac5386f28fa0a62, type: 3}
      propertyPath: m_LocalPosition.z
      value: 0
      objectReference: {fileID: 0}
    - target: {fileID: 5708213664847998609, guid: 15e32e5a96ee7e144ac5386f28fa0a62, type: 3}
      propertyPath: m_LocalRotation.w
      value: 0.7071068
      objectReference: {fileID: 0}
    - target: {fileID: 5708213664847998609, guid: 15e32e5a96ee7e144ac5386f28fa0a62, type: 3}
      propertyPath: m_LocalRotation.x
      value: 0
      objectReference: {fileID: 0}
    - target: {fileID: 5708213664847998609, guid: 15e32e5a96ee7e144ac5386f28fa0a62, type: 3}
      propertyPath: m_LocalRotation.y
      value: 0.7071068
      objectReference: {fileID: 0}
    - target: {fileID: 5708213664847998609, guid: 15e32e5a96ee7e144ac5386f28fa0a62, type: 3}
      propertyPath: m_LocalRotation.z
      value: 0
      objectReference: {fileID: 0}
    - target: {fileID: 5708213664847998609, guid: 15e32e5a96ee7e144ac5386f28fa0a62, type: 3}
      propertyPath: m_LocalEulerAnglesHint.x
      value: 0
      objectReference: {fileID: 0}
    - target: {fileID: 5708213664847998609, guid: 15e32e5a96ee7e144ac5386f28fa0a62, type: 3}
      propertyPath: m_LocalEulerAnglesHint.y
      value: 90
      objectReference: {fileID: 0}
    - target: {fileID: 5708213664847998609, guid: 15e32e5a96ee7e144ac5386f28fa0a62, type: 3}
      propertyPath: m_LocalEulerAnglesHint.z
      value: 0
      objectReference: {fileID: 0}
    m_RemovedComponents: []
  m_SourcePrefab: {fileID: 100100000, guid: 15e32e5a96ee7e144ac5386f28fa0a62, type: 3}
--- !u!1001 &571551082
PrefabInstance:
  m_ObjectHideFlags: 0
  serializedVersion: 2
  m_Modification:
    m_TransformParent: {fileID: 0}
    m_Modifications:
    - target: {fileID: 610510290549965700, guid: 15e32e5a96ee7e144ac5386f28fa0a62, type: 3}
      propertyPath: m_Name
      value: floor (15)
      objectReference: {fileID: 0}
    - target: {fileID: 5708213664847998609, guid: 15e32e5a96ee7e144ac5386f28fa0a62, type: 3}
      propertyPath: m_RootOrder
      value: 16
      objectReference: {fileID: 0}
    - target: {fileID: 5708213664847998609, guid: 15e32e5a96ee7e144ac5386f28fa0a62, type: 3}
      propertyPath: m_LocalPosition.x
      value: 0
      objectReference: {fileID: 0}
    - target: {fileID: 5708213664847998609, guid: 15e32e5a96ee7e144ac5386f28fa0a62, type: 3}
      propertyPath: m_LocalPosition.y
      value: 22.5
      objectReference: {fileID: 0}
    - target: {fileID: 5708213664847998609, guid: 15e32e5a96ee7e144ac5386f28fa0a62, type: 3}
      propertyPath: m_LocalPosition.z
      value: 0
      objectReference: {fileID: 0}
    - target: {fileID: 5708213664847998609, guid: 15e32e5a96ee7e144ac5386f28fa0a62, type: 3}
      propertyPath: m_LocalRotation.w
      value: 0.7071068
      objectReference: {fileID: 0}
    - target: {fileID: 5708213664847998609, guid: 15e32e5a96ee7e144ac5386f28fa0a62, type: 3}
      propertyPath: m_LocalRotation.x
      value: 0
      objectReference: {fileID: 0}
    - target: {fileID: 5708213664847998609, guid: 15e32e5a96ee7e144ac5386f28fa0a62, type: 3}
      propertyPath: m_LocalRotation.y
      value: 0.7071068
      objectReference: {fileID: 0}
    - target: {fileID: 5708213664847998609, guid: 15e32e5a96ee7e144ac5386f28fa0a62, type: 3}
      propertyPath: m_LocalRotation.z
      value: 0
      objectReference: {fileID: 0}
    - target: {fileID: 5708213664847998609, guid: 15e32e5a96ee7e144ac5386f28fa0a62, type: 3}
      propertyPath: m_LocalEulerAnglesHint.x
      value: 0
      objectReference: {fileID: 0}
    - target: {fileID: 5708213664847998609, guid: 15e32e5a96ee7e144ac5386f28fa0a62, type: 3}
      propertyPath: m_LocalEulerAnglesHint.y
      value: 90
      objectReference: {fileID: 0}
    - target: {fileID: 5708213664847998609, guid: 15e32e5a96ee7e144ac5386f28fa0a62, type: 3}
      propertyPath: m_LocalEulerAnglesHint.z
      value: 0
      objectReference: {fileID: 0}
    m_RemovedComponents: []
  m_SourcePrefab: {fileID: 100100000, guid: 15e32e5a96ee7e144ac5386f28fa0a62, type: 3}
--- !u!1001 &615713179
PrefabInstance:
  m_ObjectHideFlags: 0
  serializedVersion: 2
  m_Modification:
    m_TransformParent: {fileID: 0}
    m_Modifications:
    - target: {fileID: 610510290549965700, guid: 15e32e5a96ee7e144ac5386f28fa0a62, type: 3}
      propertyPath: m_Name
      value: floor (10)
      objectReference: {fileID: 0}
    - target: {fileID: 5708213664847998609, guid: 15e32e5a96ee7e144ac5386f28fa0a62, type: 3}
      propertyPath: m_RootOrder
      value: 11
      objectReference: {fileID: 0}
    - target: {fileID: 5708213664847998609, guid: 15e32e5a96ee7e144ac5386f28fa0a62, type: 3}
      propertyPath: m_LocalPosition.x
      value: 0
      objectReference: {fileID: 0}
    - target: {fileID: 5708213664847998609, guid: 15e32e5a96ee7e144ac5386f28fa0a62, type: 3}
      propertyPath: m_LocalPosition.y
      value: 15
      objectReference: {fileID: 0}
    - target: {fileID: 5708213664847998609, guid: 15e32e5a96ee7e144ac5386f28fa0a62, type: 3}
      propertyPath: m_LocalPosition.z
      value: 0
      objectReference: {fileID: 0}
    - target: {fileID: 5708213664847998609, guid: 15e32e5a96ee7e144ac5386f28fa0a62, type: 3}
      propertyPath: m_LocalRotation.w
      value: 1
      objectReference: {fileID: 0}
    - target: {fileID: 5708213664847998609, guid: 15e32e5a96ee7e144ac5386f28fa0a62, type: 3}
      propertyPath: m_LocalRotation.x
      value: 0
      objectReference: {fileID: 0}
    - target: {fileID: 5708213664847998609, guid: 15e32e5a96ee7e144ac5386f28fa0a62, type: 3}
      propertyPath: m_LocalRotation.y
      value: 0
      objectReference: {fileID: 0}
    - target: {fileID: 5708213664847998609, guid: 15e32e5a96ee7e144ac5386f28fa0a62, type: 3}
      propertyPath: m_LocalRotation.z
      value: 0
      objectReference: {fileID: 0}
    - target: {fileID: 5708213664847998609, guid: 15e32e5a96ee7e144ac5386f28fa0a62, type: 3}
      propertyPath: m_LocalEulerAnglesHint.x
      value: 0
      objectReference: {fileID: 0}
    - target: {fileID: 5708213664847998609, guid: 15e32e5a96ee7e144ac5386f28fa0a62, type: 3}
      propertyPath: m_LocalEulerAnglesHint.y
      value: 0
      objectReference: {fileID: 0}
    - target: {fileID: 5708213664847998609, guid: 15e32e5a96ee7e144ac5386f28fa0a62, type: 3}
      propertyPath: m_LocalEulerAnglesHint.z
      value: 0
      objectReference: {fileID: 0}
    m_RemovedComponents: []
  m_SourcePrefab: {fileID: 100100000, guid: 15e32e5a96ee7e144ac5386f28fa0a62, type: 3}
--- !u!1001 &823581561
PrefabInstance:
  m_ObjectHideFlags: 0
  serializedVersion: 2
  m_Modification:
    m_TransformParent: {fileID: 0}
    m_Modifications:
    - target: {fileID: 610510290549965700, guid: 15e32e5a96ee7e144ac5386f28fa0a62, type: 3}
      propertyPath: m_Name
      value: floor (11)
      objectReference: {fileID: 0}
    - target: {fileID: 5708213664847998609, guid: 15e32e5a96ee7e144ac5386f28fa0a62, type: 3}
      propertyPath: m_RootOrder
      value: 12
      objectReference: {fileID: 0}
    - target: {fileID: 5708213664847998609, guid: 15e32e5a96ee7e144ac5386f28fa0a62, type: 3}
      propertyPath: m_LocalPosition.x
      value: 0
      objectReference: {fileID: 0}
    - target: {fileID: 5708213664847998609, guid: 15e32e5a96ee7e144ac5386f28fa0a62, type: 3}
      propertyPath: m_LocalPosition.y
      value: 13.5
      objectReference: {fileID: 0}
    - target: {fileID: 5708213664847998609, guid: 15e32e5a96ee7e144ac5386f28fa0a62, type: 3}
      propertyPath: m_LocalPosition.z
      value: 0
      objectReference: {fileID: 0}
    - target: {fileID: 5708213664847998609, guid: 15e32e5a96ee7e144ac5386f28fa0a62, type: 3}
      propertyPath: m_LocalRotation.w
      value: 0.7071068
      objectReference: {fileID: 0}
    - target: {fileID: 5708213664847998609, guid: 15e32e5a96ee7e144ac5386f28fa0a62, type: 3}
      propertyPath: m_LocalRotation.x
      value: 0
      objectReference: {fileID: 0}
    - target: {fileID: 5708213664847998609, guid: 15e32e5a96ee7e144ac5386f28fa0a62, type: 3}
      propertyPath: m_LocalRotation.y
      value: 0.7071068
      objectReference: {fileID: 0}
    - target: {fileID: 5708213664847998609, guid: 15e32e5a96ee7e144ac5386f28fa0a62, type: 3}
      propertyPath: m_LocalRotation.z
      value: 0
      objectReference: {fileID: 0}
    - target: {fileID: 5708213664847998609, guid: 15e32e5a96ee7e144ac5386f28fa0a62, type: 3}
      propertyPath: m_LocalEulerAnglesHint.x
      value: 0
      objectReference: {fileID: 0}
    - target: {fileID: 5708213664847998609, guid: 15e32e5a96ee7e144ac5386f28fa0a62, type: 3}
      propertyPath: m_LocalEulerAnglesHint.y
      value: 90
      objectReference: {fileID: 0}
    - target: {fileID: 5708213664847998609, guid: 15e32e5a96ee7e144ac5386f28fa0a62, type: 3}
      propertyPath: m_LocalEulerAnglesHint.z
      value: 0
      objectReference: {fileID: 0}
    m_RemovedComponents: []
  m_SourcePrefab: {fileID: 100100000, guid: 15e32e5a96ee7e144ac5386f28fa0a62, type: 3}
--- !u!1001 &849049765
PrefabInstance:
  m_ObjectHideFlags: 0
  serializedVersion: 2
  m_Modification:
    m_TransformParent: {fileID: 0}
    m_Modifications:
    - target: {fileID: 610510290549965700, guid: 15e32e5a96ee7e144ac5386f28fa0a62, type: 3}
      propertyPath: m_Name
      value: floor (6)
      objectReference: {fileID: 0}
    - target: {fileID: 5708213664847998609, guid: 15e32e5a96ee7e144ac5386f28fa0a62, type: 3}
      propertyPath: m_RootOrder
      value: 7
      objectReference: {fileID: 0}
    - target: {fileID: 5708213664847998609, guid: 15e32e5a96ee7e144ac5386f28fa0a62, type: 3}
      propertyPath: m_LocalPosition.x
      value: 0
      objectReference: {fileID: 0}
    - target: {fileID: 5708213664847998609, guid: 15e32e5a96ee7e144ac5386f28fa0a62, type: 3}
      propertyPath: m_LocalPosition.y
      value: 7.5
      objectReference: {fileID: 0}
    - target: {fileID: 5708213664847998609, guid: 15e32e5a96ee7e144ac5386f28fa0a62, type: 3}
      propertyPath: m_LocalPosition.z
      value: 0
      objectReference: {fileID: 0}
    - target: {fileID: 5708213664847998609, guid: 15e32e5a96ee7e144ac5386f28fa0a62, type: 3}
      propertyPath: m_LocalRotation.w
      value: 0.7071068
      objectReference: {fileID: 0}
    - target: {fileID: 5708213664847998609, guid: 15e32e5a96ee7e144ac5386f28fa0a62, type: 3}
      propertyPath: m_LocalRotation.x
      value: 0
      objectReference: {fileID: 0}
    - target: {fileID: 5708213664847998609, guid: 15e32e5a96ee7e144ac5386f28fa0a62, type: 3}
      propertyPath: m_LocalRotation.y
      value: 0.7071068
      objectReference: {fileID: 0}
    - target: {fileID: 5708213664847998609, guid: 15e32e5a96ee7e144ac5386f28fa0a62, type: 3}
      propertyPath: m_LocalRotation.z
      value: 0
      objectReference: {fileID: 0}
    - target: {fileID: 5708213664847998609, guid: 15e32e5a96ee7e144ac5386f28fa0a62, type: 3}
      propertyPath: m_LocalEulerAnglesHint.x
      value: 0
      objectReference: {fileID: 0}
    - target: {fileID: 5708213664847998609, guid: 15e32e5a96ee7e144ac5386f28fa0a62, type: 3}
      propertyPath: m_LocalEulerAnglesHint.y
      value: 90
      objectReference: {fileID: 0}
    - target: {fileID: 5708213664847998609, guid: 15e32e5a96ee7e144ac5386f28fa0a62, type: 3}
      propertyPath: m_LocalEulerAnglesHint.z
      value: 0
      objectReference: {fileID: 0}
    m_RemovedComponents: []
  m_SourcePrefab: {fileID: 100100000, guid: 15e32e5a96ee7e144ac5386f28fa0a62, type: 3}
--- !u!1001 &859276585
PrefabInstance:
  m_ObjectHideFlags: 0
  serializedVersion: 2
  m_Modification:
    m_TransformParent: {fileID: 0}
    m_Modifications:
    - target: {fileID: 610510290549965700, guid: 15e32e5a96ee7e144ac5386f28fa0a62, type: 3}
      propertyPath: m_Name
      value: floor (1)
      objectReference: {fileID: 0}
    - target: {fileID: 5708213664847998609, guid: 15e32e5a96ee7e144ac5386f28fa0a62, type: 3}
      propertyPath: m_RootOrder
      value: 2
      objectReference: {fileID: 0}
    - target: {fileID: 5708213664847998609, guid: 15e32e5a96ee7e144ac5386f28fa0a62, type: 3}
      propertyPath: m_LocalPosition.x
      value: 0
      objectReference: {fileID: 0}
    - target: {fileID: 5708213664847998609, guid: 15e32e5a96ee7e144ac5386f28fa0a62, type: 3}
      propertyPath: m_LocalPosition.y
      value: 1.5
      objectReference: {fileID: 0}
    - target: {fileID: 5708213664847998609, guid: 15e32e5a96ee7e144ac5386f28fa0a62, type: 3}
      propertyPath: m_LocalPosition.z
      value: 0
      objectReference: {fileID: 0}
    - target: {fileID: 5708213664847998609, guid: 15e32e5a96ee7e144ac5386f28fa0a62, type: 3}
      propertyPath: m_LocalRotation.w
      value: 0.7071068
      objectReference: {fileID: 0}
    - target: {fileID: 5708213664847998609, guid: 15e32e5a96ee7e144ac5386f28fa0a62, type: 3}
      propertyPath: m_LocalRotation.x
      value: 0
      objectReference: {fileID: 0}
    - target: {fileID: 5708213664847998609, guid: 15e32e5a96ee7e144ac5386f28fa0a62, type: 3}
      propertyPath: m_LocalRotation.y
      value: 0.7071068
      objectReference: {fileID: 0}
    - target: {fileID: 5708213664847998609, guid: 15e32e5a96ee7e144ac5386f28fa0a62, type: 3}
      propertyPath: m_LocalRotation.z
      value: 0
      objectReference: {fileID: 0}
    - target: {fileID: 5708213664847998609, guid: 15e32e5a96ee7e144ac5386f28fa0a62, type: 3}
      propertyPath: m_LocalEulerAnglesHint.x
      value: 0
      objectReference: {fileID: 0}
    - target: {fileID: 5708213664847998609, guid: 15e32e5a96ee7e144ac5386f28fa0a62, type: 3}
      propertyPath: m_LocalEulerAnglesHint.y
      value: 90
      objectReference: {fileID: 0}
    - target: {fileID: 5708213664847998609, guid: 15e32e5a96ee7e144ac5386f28fa0a62, type: 3}
      propertyPath: m_LocalEulerAnglesHint.z
      value: 0
      objectReference: {fileID: 0}
    m_RemovedComponents: []
  m_SourcePrefab: {fileID: 100100000, guid: 15e32e5a96ee7e144ac5386f28fa0a62, type: 3}
--- !u!1 &885704303
GameObject:
  m_ObjectHideFlags: 0
  m_CorrespondingSourceObject: {fileID: 0}
  m_PrefabInstance: {fileID: 0}
  m_PrefabAsset: {fileID: 0}
  serializedVersion: 6
  m_Component:
  - component: {fileID: 885704305}
  - component: {fileID: 885704304}
  m_Layer: 0
  m_Name: DiceController
  m_TagString: Untagged
  m_Icon: {fileID: 0}
  m_NavMeshLayer: 0
  m_StaticEditorFlags: 0
  m_IsActive: 1
--- !u!114 &885704304
MonoBehaviour:
  m_ObjectHideFlags: 0
  m_CorrespondingSourceObject: {fileID: 0}
  m_PrefabInstance: {fileID: 0}
  m_PrefabAsset: {fileID: 0}
  m_GameObject: {fileID: 885704303}
  m_Enabled: 1
  m_EditorHideFlags: 0
  m_Script: {fileID: 11500000, guid: 0434b2c6ea9ab354395615d42cca950a, type: 3}
  m_Name: 
  m_EditorClassIdentifier: 
  dice: {fileID: 959883225468428680, guid: 52f497e64beea3747943fcd8b8a1dcba, type: 3}
--- !u!4 &885704305
Transform:
  m_ObjectHideFlags: 0
  m_CorrespondingSourceObject: {fileID: 0}
  m_PrefabInstance: {fileID: 0}
  m_PrefabAsset: {fileID: 0}
  m_GameObject: {fileID: 885704303}
  m_LocalRotation: {x: 0, y: 0, z: 0, w: 1}
  m_LocalPosition: {x: -41.926533, y: 59.482586, z: 15.927423}
  m_LocalScale: {x: 1, y: 1, z: 1}
  m_ConstrainProportionsScale: 0
  m_Children: []
  m_Father: {fileID: 0}
  m_RootOrder: 21
  m_LocalEulerAnglesHint: {x: 0, y: 0, z: 0}
--- !u!1001 &902930549
PrefabInstance:
  m_ObjectHideFlags: 0
  serializedVersion: 2
  m_Modification:
    m_TransformParent: {fileID: 0}
    m_Modifications:
    - target: {fileID: 610510290549965700, guid: 15e32e5a96ee7e144ac5386f28fa0a62, type: 3}
      propertyPath: m_Name
      value: floor (5)
      objectReference: {fileID: 0}
    - target: {fileID: 5708213664847998609, guid: 15e32e5a96ee7e144ac5386f28fa0a62, type: 3}
      propertyPath: m_RootOrder
      value: 6
      objectReference: {fileID: 0}
    - target: {fileID: 5708213664847998609, guid: 15e32e5a96ee7e144ac5386f28fa0a62, type: 3}
      propertyPath: m_LocalPosition.x
      value: 0
      objectReference: {fileID: 0}
    - target: {fileID: 5708213664847998609, guid: 15e32e5a96ee7e144ac5386f28fa0a62, type: 3}
      propertyPath: m_LocalPosition.y
      value: 9
      objectReference: {fileID: 0}
    - target: {fileID: 5708213664847998609, guid: 15e32e5a96ee7e144ac5386f28fa0a62, type: 3}
      propertyPath: m_LocalPosition.z
      value: 0
      objectReference: {fileID: 0}
    - target: {fileID: 5708213664847998609, guid: 15e32e5a96ee7e144ac5386f28fa0a62, type: 3}
      propertyPath: m_LocalRotation.w
      value: 1
      objectReference: {fileID: 0}
    - target: {fileID: 5708213664847998609, guid: 15e32e5a96ee7e144ac5386f28fa0a62, type: 3}
      propertyPath: m_LocalRotation.x
      value: 0
      objectReference: {fileID: 0}
    - target: {fileID: 5708213664847998609, guid: 15e32e5a96ee7e144ac5386f28fa0a62, type: 3}
      propertyPath: m_LocalRotation.y
      value: 0
      objectReference: {fileID: 0}
    - target: {fileID: 5708213664847998609, guid: 15e32e5a96ee7e144ac5386f28fa0a62, type: 3}
      propertyPath: m_LocalRotation.z
      value: 0
      objectReference: {fileID: 0}
    - target: {fileID: 5708213664847998609, guid: 15e32e5a96ee7e144ac5386f28fa0a62, type: 3}
      propertyPath: m_LocalEulerAnglesHint.x
      value: 0
      objectReference: {fileID: 0}
    - target: {fileID: 5708213664847998609, guid: 15e32e5a96ee7e144ac5386f28fa0a62, type: 3}
      propertyPath: m_LocalEulerAnglesHint.y
      value: 0
      objectReference: {fileID: 0}
    - target: {fileID: 5708213664847998609, guid: 15e32e5a96ee7e144ac5386f28fa0a62, type: 3}
      propertyPath: m_LocalEulerAnglesHint.z
      value: 0
      objectReference: {fileID: 0}
    m_RemovedComponents: []
  m_SourcePrefab: {fileID: 100100000, guid: 15e32e5a96ee7e144ac5386f28fa0a62, type: 3}
--- !u!1 &963194225
GameObject:
  m_ObjectHideFlags: 0
  m_CorrespondingSourceObject: {fileID: 0}
  m_PrefabInstance: {fileID: 0}
  m_PrefabAsset: {fileID: 0}
  serializedVersion: 6
  m_Component:
  - component: {fileID: 963194228}
  - component: {fileID: 963194227}
  - component: {fileID: 963194226}
  m_Layer: 0
  m_Name: Main Camera
  m_TagString: MainCamera
  m_Icon: {fileID: 0}
  m_NavMeshLayer: 0
  m_StaticEditorFlags: 0
  m_IsActive: 1
--- !u!81 &963194226
AudioListener:
  m_ObjectHideFlags: 0
  m_CorrespondingSourceObject: {fileID: 0}
  m_PrefabInstance: {fileID: 0}
  m_PrefabAsset: {fileID: 0}
  m_GameObject: {fileID: 963194225}
  m_Enabled: 1
--- !u!20 &963194227
Camera:
  m_ObjectHideFlags: 0
  m_CorrespondingSourceObject: {fileID: 0}
  m_PrefabInstance: {fileID: 0}
  m_PrefabAsset: {fileID: 0}
  m_GameObject: {fileID: 963194225}
  m_Enabled: 1
  serializedVersion: 2
  m_ClearFlags: 1
  m_BackGroundColor: {r: 0.19215687, g: 0.3019608, b: 0.4745098, a: 0}
  m_projectionMatrixMode: 1
  m_GateFitMode: 2
  m_FOVAxisMode: 0
  m_SensorSize: {x: 36, y: 24}
  m_LensShift: {x: 0, y: 0}
  m_FocalLength: 50
  m_NormalizedViewPortRect:
    serializedVersion: 2
    x: 0
    y: 0
    width: 1
    height: 1
  near clip plane: 0.3
  far clip plane: 1000
  field of view: 60
  orthographic: 0
  orthographic size: 5
  m_Depth: -1
  m_CullingMask:
    serializedVersion: 2
    m_Bits: 4294967295
  m_RenderingPath: -1
  m_TargetTexture: {fileID: 0}
  m_TargetDisplay: 0
  m_TargetEye: 3
  m_HDR: 1
  m_AllowMSAA: 1
  m_AllowDynamicResolution: 0
  m_ForceIntoRT: 0
  m_OcclusionCulling: 1
  m_StereoConvergence: 10
  m_StereoSeparation: 0.022
--- !u!4 &963194228
Transform:
  m_ObjectHideFlags: 0
  m_CorrespondingSourceObject: {fileID: 0}
  m_PrefabInstance: {fileID: 0}
  m_PrefabAsset: {fileID: 0}
  m_GameObject: {fileID: 963194225}
  m_LocalRotation: {x: -0, y: 0.92745835, z: -0.37392667, w: 0}
  m_LocalPosition: {x: 0, y: 41.3, z: 34.1}
  m_LocalScale: {x: 1, y: 1, z: 1}
  m_ConstrainProportionsScale: 0
  m_Children: []
  m_Father: {fileID: 0}
  m_RootOrder: 0
  m_LocalEulerAnglesHint: {x: 43.916, y: 180, z: 0}
--- !u!1 &1075060496
GameObject:
  m_ObjectHideFlags: 0
  m_CorrespondingSourceObject: {fileID: 0}
  m_PrefabInstance: {fileID: 0}
  m_PrefabAsset: {fileID: 0}
  serializedVersion: 6
  m_Component:
  - component: {fileID: 1075060500}
  - component: {fileID: 1075060499}
  - component: {fileID: 1075060498}
  - component: {fileID: 1075060497}
  m_Layer: 0
  m_Name: Plane (1)
  m_TagString: Untagged
  m_Icon: {fileID: 0}
  m_NavMeshLayer: 0
  m_StaticEditorFlags: 0
  m_IsActive: 1
--- !u!64 &1075060497
MeshCollider:
  m_ObjectHideFlags: 0
  m_CorrespondingSourceObject: {fileID: 0}
  m_PrefabInstance: {fileID: 0}
  m_PrefabAsset: {fileID: 0}
  m_GameObject: {fileID: 1075060496}
  m_Material: {fileID: 13400000, guid: 3aeb7dadc0c69d54d9e5777e9d5631f1, type: 2}
  m_IsTrigger: 0
  m_Enabled: 1
  serializedVersion: 4
  m_Convex: 0
  m_CookingOptions: 30
  m_Mesh: {fileID: 10209, guid: 0000000000000000e000000000000000, type: 0}
--- !u!23 &1075060498
MeshRenderer:
  m_ObjectHideFlags: 0
  m_CorrespondingSourceObject: {fileID: 0}
  m_PrefabInstance: {fileID: 0}
  m_PrefabAsset: {fileID: 0}
  m_GameObject: {fileID: 1075060496}
  m_Enabled: 1
  m_CastShadows: 1
  m_ReceiveShadows: 1
  m_DynamicOccludee: 1
  m_StaticShadowCaster: 0
  m_MotionVectors: 1
  m_LightProbeUsage: 1
  m_ReflectionProbeUsage: 1
  m_RayTracingMode: 2
  m_RayTraceProcedural: 0
  m_RenderingLayerMask: 1
  m_RendererPriority: 0
  m_Materials:
  - {fileID: 2100000, guid: 2a1c48590b020b54885e2a7d7af8031f, type: 2}
  m_StaticBatchInfo:
    firstSubMesh: 0
    subMeshCount: 0
  m_StaticBatchRoot: {fileID: 0}
  m_ProbeAnchor: {fileID: 0}
  m_LightProbeVolumeOverride: {fileID: 0}
  m_ScaleInLightmap: 1
  m_ReceiveGI: 1
  m_PreserveUVs: 0
  m_IgnoreNormalsForChartDetection: 0
  m_ImportantGI: 0
  m_StitchLightmapSeams: 1
  m_SelectedEditorRenderState: 3
  m_MinimumChartSize: 4
  m_AutoUVMaxDistance: 0.5
  m_AutoUVMaxAngle: 89
  m_LightmapParameters: {fileID: 0}
  m_SortingLayerID: 0
  m_SortingLayer: 0
  m_SortingOrder: 0
  m_AdditionalVertexStreams: {fileID: 0}
--- !u!33 &1075060499
MeshFilter:
  m_ObjectHideFlags: 0
  m_CorrespondingSourceObject: {fileID: 0}
  m_PrefabInstance: {fileID: 0}
  m_PrefabAsset: {fileID: 0}
  m_GameObject: {fileID: 1075060496}
  m_Mesh: {fileID: 10209, guid: 0000000000000000e000000000000000, type: 0}
--- !u!4 &1075060500
Transform:
  m_ObjectHideFlags: 0
  m_CorrespondingSourceObject: {fileID: 0}
  m_PrefabInstance: {fileID: 0}
  m_PrefabAsset: {fileID: 0}
  m_GameObject: {fileID: 1075060496}
  m_LocalRotation: {x: 0, y: 0, z: 0.7071068, w: 0.7071068}
  m_LocalPosition: {x: 49.999996, y: 50, z: 0}
  m_LocalScale: {x: 10, y: 1, z: 10}
  m_ConstrainProportionsScale: 0
  m_Children: []
  m_Father: {fileID: 0}
  m_RootOrder: 22
  m_LocalEulerAnglesHint: {x: 0, y: 0, z: 90}
--- !u!1 &1209362388
GameObject:
  m_ObjectHideFlags: 0
  m_CorrespondingSourceObject: {fileID: 0}
  m_PrefabInstance: {fileID: 0}
  m_PrefabAsset: {fileID: 0}
  serializedVersion: 6
  m_Component:
  - component: {fileID: 1209362392}
  - component: {fileID: 1209362391}
  - component: {fileID: 1209362390}
  - component: {fileID: 1209362389}
  m_Layer: 0
  m_Name: Plane (4)
  m_TagString: Untagged
  m_Icon: {fileID: 0}
  m_NavMeshLayer: 0
  m_StaticEditorFlags: 0
  m_IsActive: 1
--- !u!64 &1209362389
MeshCollider:
  m_ObjectHideFlags: 0
  m_CorrespondingSourceObject: {fileID: 0}
  m_PrefabInstance: {fileID: 0}
  m_PrefabAsset: {fileID: 0}
  m_GameObject: {fileID: 1209362388}
  m_Material: {fileID: 13400000, guid: 3aeb7dadc0c69d54d9e5777e9d5631f1, type: 2}
  m_IsTrigger: 0
  m_Enabled: 1
  serializedVersion: 4
  m_Convex: 0
  m_CookingOptions: 30
  m_Mesh: {fileID: 10209, guid: 0000000000000000e000000000000000, type: 0}
--- !u!23 &1209362390
MeshRenderer:
  m_ObjectHideFlags: 0
  m_CorrespondingSourceObject: {fileID: 0}
  m_PrefabInstance: {fileID: 0}
  m_PrefabAsset: {fileID: 0}
  m_GameObject: {fileID: 1209362388}
  m_Enabled: 1
  m_CastShadows: 1
  m_ReceiveShadows: 1
  m_DynamicOccludee: 1
  m_StaticShadowCaster: 0
  m_MotionVectors: 1
  m_LightProbeUsage: 1
  m_ReflectionProbeUsage: 1
  m_RayTracingMode: 2
  m_RayTraceProcedural: 0
  m_RenderingLayerMask: 1
  m_RendererPriority: 0
  m_Materials:
  - {fileID: 2100000, guid: 2a1c48590b020b54885e2a7d7af8031f, type: 2}
  m_StaticBatchInfo:
    firstSubMesh: 0
    subMeshCount: 0
  m_StaticBatchRoot: {fileID: 0}
  m_ProbeAnchor: {fileID: 0}
  m_LightProbeVolumeOverride: {fileID: 0}
  m_ScaleInLightmap: 1
  m_ReceiveGI: 1
  m_PreserveUVs: 0
  m_IgnoreNormalsForChartDetection: 0
  m_ImportantGI: 0
  m_StitchLightmapSeams: 1
  m_SelectedEditorRenderState: 3
  m_MinimumChartSize: 4
  m_AutoUVMaxDistance: 0.5
  m_AutoUVMaxAngle: 89
  m_LightmapParameters: {fileID: 0}
  m_SortingLayerID: 0
  m_SortingLayer: 0
  m_SortingOrder: 0
  m_AdditionalVertexStreams: {fileID: 0}
--- !u!33 &1209362391
MeshFilter:
  m_ObjectHideFlags: 0
  m_CorrespondingSourceObject: {fileID: 0}
  m_PrefabInstance: {fileID: 0}
  m_PrefabAsset: {fileID: 0}
  m_GameObject: {fileID: 1209362388}
  m_Mesh: {fileID: 10209, guid: 0000000000000000e000000000000000, type: 0}
--- !u!4 &1209362392
Transform:
  m_ObjectHideFlags: 0
  m_CorrespondingSourceObject: {fileID: 0}
  m_PrefabInstance: {fileID: 0}
  m_PrefabAsset: {fileID: 0}
  m_GameObject: {fileID: 1209362388}
  m_LocalRotation: {x: 0.5, y: 0.5, z: -0.5, w: -0.5}
  m_LocalPosition: {x: 0, y: 50, z: 50}
  m_LocalScale: {x: 10, y: 1, z: 10}
  m_ConstrainProportionsScale: 0
  m_Children: []
  m_Father: {fileID: 0}
  m_RootOrder: 26
  m_LocalEulerAnglesHint: {x: 0, y: 270, z: 90}
--- !u!1 &1216351482
GameObject:
  m_ObjectHideFlags: 0
  m_CorrespondingSourceObject: {fileID: 0}
  m_PrefabInstance: {fileID: 0}
  m_PrefabAsset: {fileID: 0}
  serializedVersion: 6
  m_Component:
  - component: {fileID: 1216351486}
  - component: {fileID: 1216351485}
  - component: {fileID: 1216351484}
  - component: {fileID: 1216351483}
  m_Layer: 0
  m_Name: Plane
  m_TagString: Untagged
  m_Icon: {fileID: 0}
  m_NavMeshLayer: 0
  m_StaticEditorFlags: 0
  m_IsActive: 1
--- !u!64 &1216351483
MeshCollider:
  m_ObjectHideFlags: 0
  m_CorrespondingSourceObject: {fileID: 0}
  m_PrefabInstance: {fileID: 0}
  m_PrefabAsset: {fileID: 0}
  m_GameObject: {fileID: 1216351482}
  m_Material: {fileID: 13400000, guid: 3aeb7dadc0c69d54d9e5777e9d5631f1, type: 2}
  m_IsTrigger: 0
  m_Enabled: 1
  serializedVersion: 4
  m_Convex: 0
  m_CookingOptions: 30
  m_Mesh: {fileID: 10209, guid: 0000000000000000e000000000000000, type: 0}
--- !u!23 &1216351484
MeshRenderer:
  m_ObjectHideFlags: 0
  m_CorrespondingSourceObject: {fileID: 0}
  m_PrefabInstance: {fileID: 0}
  m_PrefabAsset: {fileID: 0}
  m_GameObject: {fileID: 1216351482}
  m_Enabled: 1
  m_CastShadows: 1
  m_ReceiveShadows: 1
  m_DynamicOccludee: 1
  m_StaticShadowCaster: 0
  m_MotionVectors: 1
  m_LightProbeUsage: 1
  m_ReflectionProbeUsage: 1
  m_RayTracingMode: 2
  m_RayTraceProcedural: 0
  m_RenderingLayerMask: 1
  m_RendererPriority: 0
  m_Materials:
  - {fileID: 2100000, guid: 2a1c48590b020b54885e2a7d7af8031f, type: 2}
  m_StaticBatchInfo:
    firstSubMesh: 0
    subMeshCount: 0
  m_StaticBatchRoot: {fileID: 0}
  m_ProbeAnchor: {fileID: 0}
  m_LightProbeVolumeOverride: {fileID: 0}
  m_ScaleInLightmap: 1
  m_ReceiveGI: 1
  m_PreserveUVs: 0
  m_IgnoreNormalsForChartDetection: 0
  m_ImportantGI: 0
  m_StitchLightmapSeams: 1
  m_SelectedEditorRenderState: 3
  m_MinimumChartSize: 4
  m_AutoUVMaxDistance: 0.5
  m_AutoUVMaxAngle: 89
  m_LightmapParameters: {fileID: 0}
  m_SortingLayerID: 0
  m_SortingLayer: 0
  m_SortingOrder: 0
  m_AdditionalVertexStreams: {fileID: 0}
--- !u!33 &1216351485
MeshFilter:
  m_ObjectHideFlags: 0
  m_CorrespondingSourceObject: {fileID: 0}
  m_PrefabInstance: {fileID: 0}
  m_PrefabAsset: {fileID: 0}
  m_GameObject: {fileID: 1216351482}
  m_Mesh: {fileID: 10209, guid: 0000000000000000e000000000000000, type: 0}
--- !u!4 &1216351486
Transform:
  m_ObjectHideFlags: 0
  m_CorrespondingSourceObject: {fileID: 0}
  m_PrefabInstance: {fileID: 0}
  m_PrefabAsset: {fileID: 0}
  m_GameObject: {fileID: 1216351482}
  m_LocalRotation: {x: 0, y: 0, z: 0, w: 1}
  m_LocalPosition: {x: 0, y: 0, z: 0}
  m_LocalScale: {x: 10, y: 1, z: 10}
  m_ConstrainProportionsScale: 0
  m_Children: []
  m_Father: {fileID: 0}
  m_RootOrder: 19
  m_LocalEulerAnglesHint: {x: 0, y: 0, z: 0}
--- !u!1001 &1438303684
PrefabInstance:
  m_ObjectHideFlags: 0
  serializedVersion: 2
  m_Modification:
    m_TransformParent: {fileID: 0}
    m_Modifications:
    - target: {fileID: 610510290549965700, guid: 15e32e5a96ee7e144ac5386f28fa0a62, type: 3}
      propertyPath: m_Name
      value: floor (9)
      objectReference: {fileID: 0}
    - target: {fileID: 5708213664847998609, guid: 15e32e5a96ee7e144ac5386f28fa0a62, type: 3}
      propertyPath: m_RootOrder
      value: 10
      objectReference: {fileID: 0}
    - target: {fileID: 5708213664847998609, guid: 15e32e5a96ee7e144ac5386f28fa0a62, type: 3}
      propertyPath: m_LocalPosition.x
      value: 0
      objectReference: {fileID: 0}
    - target: {fileID: 5708213664847998609, guid: 15e32e5a96ee7e144ac5386f28fa0a62, type: 3}
      propertyPath: m_LocalPosition.y
      value: 18
      objectReference: {fileID: 0}
    - target: {fileID: 5708213664847998609, guid: 15e32e5a96ee7e144ac5386f28fa0a62, type: 3}
      propertyPath: m_LocalPosition.z
      value: 0
      objectReference: {fileID: 0}
    - target: {fileID: 5708213664847998609, guid: 15e32e5a96ee7e144ac5386f28fa0a62, type: 3}
      propertyPath: m_LocalRotation.w
      value: 1
      objectReference: {fileID: 0}
    - target: {fileID: 5708213664847998609, guid: 15e32e5a96ee7e144ac5386f28fa0a62, type: 3}
      propertyPath: m_LocalRotation.x
      value: 0
      objectReference: {fileID: 0}
    - target: {fileID: 5708213664847998609, guid: 15e32e5a96ee7e144ac5386f28fa0a62, type: 3}
      propertyPath: m_LocalRotation.y
      value: 0
      objectReference: {fileID: 0}
    - target: {fileID: 5708213664847998609, guid: 15e32e5a96ee7e144ac5386f28fa0a62, type: 3}
      propertyPath: m_LocalRotation.z
      value: 0
      objectReference: {fileID: 0}
    - target: {fileID: 5708213664847998609, guid: 15e32e5a96ee7e144ac5386f28fa0a62, type: 3}
      propertyPath: m_LocalEulerAnglesHint.x
      value: 0
      objectReference: {fileID: 0}
    - target: {fileID: 5708213664847998609, guid: 15e32e5a96ee7e144ac5386f28fa0a62, type: 3}
      propertyPath: m_LocalEulerAnglesHint.y
      value: 0
      objectReference: {fileID: 0}
    - target: {fileID: 5708213664847998609, guid: 15e32e5a96ee7e144ac5386f28fa0a62, type: 3}
      propertyPath: m_LocalEulerAnglesHint.z
      value: 0
      objectReference: {fileID: 0}
    m_RemovedComponents: []
  m_SourcePrefab: {fileID: 100100000, guid: 15e32e5a96ee7e144ac5386f28fa0a62, type: 3}
--- !u!1001 &1509989818
PrefabInstance:
  m_ObjectHideFlags: 0
  serializedVersion: 2
  m_Modification:
    m_TransformParent: {fileID: 0}
    m_Modifications:
    - target: {fileID: 610510290549965700, guid: 15e32e5a96ee7e144ac5386f28fa0a62, type: 3}
      propertyPath: m_Name
      value: floor (2)
      objectReference: {fileID: 0}
    - target: {fileID: 5708213664847998609, guid: 15e32e5a96ee7e144ac5386f28fa0a62, type: 3}
      propertyPath: m_RootOrder
      value: 3
      objectReference: {fileID: 0}
    - target: {fileID: 5708213664847998609, guid: 15e32e5a96ee7e144ac5386f28fa0a62, type: 3}
      propertyPath: m_LocalPosition.x
      value: 0
      objectReference: {fileID: 0}
    - target: {fileID: 5708213664847998609, guid: 15e32e5a96ee7e144ac5386f28fa0a62, type: 3}
      propertyPath: m_LocalPosition.y
      value: 3
      objectReference: {fileID: 0}
    - target: {fileID: 5708213664847998609, guid: 15e32e5a96ee7e144ac5386f28fa0a62, type: 3}
      propertyPath: m_LocalPosition.z
      value: 0
      objectReference: {fileID: 0}
    - target: {fileID: 5708213664847998609, guid: 15e32e5a96ee7e144ac5386f28fa0a62, type: 3}
      propertyPath: m_LocalRotation.w
      value: 1
      objectReference: {fileID: 0}
    - target: {fileID: 5708213664847998609, guid: 15e32e5a96ee7e144ac5386f28fa0a62, type: 3}
      propertyPath: m_LocalRotation.x
      value: 0
      objectReference: {fileID: 0}
    - target: {fileID: 5708213664847998609, guid: 15e32e5a96ee7e144ac5386f28fa0a62, type: 3}
      propertyPath: m_LocalRotation.y
      value: 0
      objectReference: {fileID: 0}
    - target: {fileID: 5708213664847998609, guid: 15e32e5a96ee7e144ac5386f28fa0a62, type: 3}
      propertyPath: m_LocalRotation.z
      value: 0
      objectReference: {fileID: 0}
    - target: {fileID: 5708213664847998609, guid: 15e32e5a96ee7e144ac5386f28fa0a62, type: 3}
      propertyPath: m_LocalEulerAnglesHint.x
      value: 0
      objectReference: {fileID: 0}
    - target: {fileID: 5708213664847998609, guid: 15e32e5a96ee7e144ac5386f28fa0a62, type: 3}
      propertyPath: m_LocalEulerAnglesHint.y
      value: 0
      objectReference: {fileID: 0}
    - target: {fileID: 5708213664847998609, guid: 15e32e5a96ee7e144ac5386f28fa0a62, type: 3}
      propertyPath: m_LocalEulerAnglesHint.z
      value: 0
      objectReference: {fileID: 0}
    m_RemovedComponents: []
  m_SourcePrefab: {fileID: 100100000, guid: 15e32e5a96ee7e144ac5386f28fa0a62, type: 3}
--- !u!1 &1845470333
GameObject:
  m_ObjectHideFlags: 0
  m_CorrespondingSourceObject: {fileID: 0}
  m_PrefabInstance: {fileID: 0}
  m_PrefabAsset: {fileID: 0}
  serializedVersion: 6
  m_Component:
  - component: {fileID: 1845470337}
  - component: {fileID: 1845470336}
  - component: {fileID: 1845470335}
  - component: {fileID: 1845470334}
  m_Layer: 0
  m_Name: Plane (2)
  m_TagString: Untagged
  m_Icon: {fileID: 0}
  m_NavMeshLayer: 0
  m_StaticEditorFlags: 0
  m_IsActive: 1
--- !u!64 &1845470334
MeshCollider:
  m_ObjectHideFlags: 0
  m_CorrespondingSourceObject: {fileID: 0}
  m_PrefabInstance: {fileID: 0}
  m_PrefabAsset: {fileID: 0}
  m_GameObject: {fileID: 1845470333}
  m_Material: {fileID: 13400000, guid: 3aeb7dadc0c69d54d9e5777e9d5631f1, type: 2}
  m_IsTrigger: 0
  m_Enabled: 1
  serializedVersion: 4
  m_Convex: 0
  m_CookingOptions: 30
  m_Mesh: {fileID: 10209, guid: 0000000000000000e000000000000000, type: 0}
--- !u!23 &1845470335
MeshRenderer:
  m_ObjectHideFlags: 0
  m_CorrespondingSourceObject: {fileID: 0}
  m_PrefabInstance: {fileID: 0}
  m_PrefabAsset: {fileID: 0}
  m_GameObject: {fileID: 1845470333}
  m_Enabled: 1
  m_CastShadows: 1
  m_ReceiveShadows: 1
  m_DynamicOccludee: 1
  m_StaticShadowCaster: 0
  m_MotionVectors: 1
  m_LightProbeUsage: 1
  m_ReflectionProbeUsage: 1
  m_RayTracingMode: 2
  m_RayTraceProcedural: 0
  m_RenderingLayerMask: 1
  m_RendererPriority: 0
  m_Materials:
  - {fileID: 2100000, guid: 2a1c48590b020b54885e2a7d7af8031f, type: 2}
  m_StaticBatchInfo:
    firstSubMesh: 0
    subMeshCount: 0
  m_StaticBatchRoot: {fileID: 0}
  m_ProbeAnchor: {fileID: 0}
  m_LightProbeVolumeOverride: {fileID: 0}
  m_ScaleInLightmap: 1
  m_ReceiveGI: 1
  m_PreserveUVs: 0
  m_IgnoreNormalsForChartDetection: 0
  m_ImportantGI: 0
  m_StitchLightmapSeams: 1
  m_SelectedEditorRenderState: 3
  m_MinimumChartSize: 4
  m_AutoUVMaxDistance: 0.5
  m_AutoUVMaxAngle: 89
  m_LightmapParameters: {fileID: 0}
  m_SortingLayerID: 0
  m_SortingLayer: 0
  m_SortingOrder: 0
  m_AdditionalVertexStreams: {fileID: 0}
--- !u!33 &1845470336
MeshFilter:
  m_ObjectHideFlags: 0
  m_CorrespondingSourceObject: {fileID: 0}
  m_PrefabInstance: {fileID: 0}
  m_PrefabAsset: {fileID: 0}
  m_GameObject: {fileID: 1845470333}
  m_Mesh: {fileID: 10209, guid: 0000000000000000e000000000000000, type: 0}
--- !u!4 &1845470337
Transform:
  m_ObjectHideFlags: 0
  m_CorrespondingSourceObject: {fileID: 0}
  m_PrefabInstance: {fileID: 0}
  m_PrefabAsset: {fileID: 0}
  m_GameObject: {fileID: 1845470333}
  m_LocalRotation: {x: 0.5, y: 0.5, z: 0.5, w: 0.5}
  m_LocalPosition: {x: 0, y: 50, z: -50}
  m_LocalScale: {x: 10, y: 1, z: 10}
  m_ConstrainProportionsScale: 0
  m_Children: []
  m_Father: {fileID: 0}
  m_RootOrder: 23
  m_LocalEulerAnglesHint: {x: 0, y: 90, z: 90}
--- !u!1 &1877978379
GameObject:
  m_ObjectHideFlags: 0
  m_CorrespondingSourceObject: {fileID: 0}
  m_PrefabInstance: {fileID: 0}
  m_PrefabAsset: {fileID: 0}
  serializedVersion: 6
  m_Component:
  - component: {fileID: 1877978383}
  - component: {fileID: 1877978382}
  - component: {fileID: 1877978381}
  - component: {fileID: 1877978380}
  m_Layer: 0
  m_Name: Plane (3)
  m_TagString: Untagged
  m_Icon: {fileID: 0}
  m_NavMeshLayer: 0
  m_StaticEditorFlags: 0
  m_IsActive: 1
--- !u!64 &1877978380
MeshCollider:
  m_ObjectHideFlags: 0
  m_CorrespondingSourceObject: {fileID: 0}
  m_PrefabInstance: {fileID: 0}
  m_PrefabAsset: {fileID: 0}
  m_GameObject: {fileID: 1877978379}
  m_Material: {fileID: 13400000, guid: 3aeb7dadc0c69d54d9e5777e9d5631f1, type: 2}
  m_IsTrigger: 0
  m_Enabled: 1
  serializedVersion: 4
  m_Convex: 0
  m_CookingOptions: 30
  m_Mesh: {fileID: 10209, guid: 0000000000000000e000000000000000, type: 0}
--- !u!23 &1877978381
MeshRenderer:
  m_ObjectHideFlags: 0
  m_CorrespondingSourceObject: {fileID: 0}
  m_PrefabInstance: {fileID: 0}
  m_PrefabAsset: {fileID: 0}
  m_GameObject: {fileID: 1877978379}
  m_Enabled: 1
  m_CastShadows: 1
  m_ReceiveShadows: 1
  m_DynamicOccludee: 1
  m_StaticShadowCaster: 0
  m_MotionVectors: 1
  m_LightProbeUsage: 1
  m_ReflectionProbeUsage: 1
  m_RayTracingMode: 2
  m_RayTraceProcedural: 0
  m_RenderingLayerMask: 1
  m_RendererPriority: 0
  m_Materials:
  - {fileID: 2100000, guid: 2a1c48590b020b54885e2a7d7af8031f, type: 2}
  m_StaticBatchInfo:
    firstSubMesh: 0
    subMeshCount: 0
  m_StaticBatchRoot: {fileID: 0}
  m_ProbeAnchor: {fileID: 0}
  m_LightProbeVolumeOverride: {fileID: 0}
  m_ScaleInLightmap: 1
  m_ReceiveGI: 1
  m_PreserveUVs: 0
  m_IgnoreNormalsForChartDetection: 0
  m_ImportantGI: 0
  m_StitchLightmapSeams: 1
  m_SelectedEditorRenderState: 3
  m_MinimumChartSize: 4
  m_AutoUVMaxDistance: 0.5
  m_AutoUVMaxAngle: 89
  m_LightmapParameters: {fileID: 0}
  m_SortingLayerID: 0
  m_SortingLayer: 0
  m_SortingOrder: 0
  m_AdditionalVertexStreams: {fileID: 0}
--- !u!33 &1877978382
MeshFilter:
  m_ObjectHideFlags: 0
  m_CorrespondingSourceObject: {fileID: 0}
  m_PrefabInstance: {fileID: 0}
  m_PrefabAsset: {fileID: 0}
  m_GameObject: {fileID: 1877978379}
  m_Mesh: {fileID: 10209, guid: 0000000000000000e000000000000000, type: 0}
--- !u!4 &1877978383
Transform:
  m_ObjectHideFlags: 0
  m_CorrespondingSourceObject: {fileID: 0}
  m_PrefabInstance: {fileID: 0}
  m_PrefabAsset: {fileID: 0}
  m_GameObject: {fileID: 1877978379}
  m_LocalRotation: {x: 0.7071068, y: 0.7071068, z: 0, w: 0}
  m_LocalPosition: {x: -50, y: 50, z: 0}
  m_LocalScale: {x: 10, y: 1, z: 10}
  m_ConstrainProportionsScale: 0
  m_Children: []
  m_Father: {fileID: 0}
  m_RootOrder: 24
  m_LocalEulerAnglesHint: {x: 0, y: 180, z: 90}
--- !u!1001 &2011061703
PrefabInstance:
  m_ObjectHideFlags: 0
  serializedVersion: 2
  m_Modification:
    m_TransformParent: {fileID: 0}
    m_Modifications:
    - target: {fileID: 610510290549965700, guid: 15e32e5a96ee7e144ac5386f28fa0a62, type: 3}
      propertyPath: m_Name
      value: floor (13)
      objectReference: {fileID: 0}
    - target: {fileID: 5708213664847998609, guid: 15e32e5a96ee7e144ac5386f28fa0a62, type: 3}
      propertyPath: m_RootOrder
      value: 14
      objectReference: {fileID: 0}
    - target: {fileID: 5708213664847998609, guid: 15e32e5a96ee7e144ac5386f28fa0a62, type: 3}
      propertyPath: m_LocalPosition.x
      value: 0
      objectReference: {fileID: 0}
    - target: {fileID: 5708213664847998609, guid: 15e32e5a96ee7e144ac5386f28fa0a62, type: 3}
      propertyPath: m_LocalPosition.y
      value: 19.5
      objectReference: {fileID: 0}
    - target: {fileID: 5708213664847998609, guid: 15e32e5a96ee7e144ac5386f28fa0a62, type: 3}
      propertyPath: m_LocalPosition.z
      value: 0
      objectReference: {fileID: 0}
    - target: {fileID: 5708213664847998609, guid: 15e32e5a96ee7e144ac5386f28fa0a62, type: 3}
      propertyPath: m_LocalRotation.w
      value: 0.7071068
      objectReference: {fileID: 0}
    - target: {fileID: 5708213664847998609, guid: 15e32e5a96ee7e144ac5386f28fa0a62, type: 3}
      propertyPath: m_LocalRotation.x
      value: 0
      objectReference: {fileID: 0}
    - target: {fileID: 5708213664847998609, guid: 15e32e5a96ee7e144ac5386f28fa0a62, type: 3}
      propertyPath: m_LocalRotation.y
      value: 0.7071068
      objectReference: {fileID: 0}
    - target: {fileID: 5708213664847998609, guid: 15e32e5a96ee7e144ac5386f28fa0a62, type: 3}
      propertyPath: m_LocalRotation.z
      value: 0
      objectReference: {fileID: 0}
    - target: {fileID: 5708213664847998609, guid: 15e32e5a96ee7e144ac5386f28fa0a62, type: 3}
      propertyPath: m_LocalEulerAnglesHint.x
      value: 0
      objectReference: {fileID: 0}
    - target: {fileID: 5708213664847998609, guid: 15e32e5a96ee7e144ac5386f28fa0a62, type: 3}
      propertyPath: m_LocalEulerAnglesHint.y
      value: 90
      objectReference: {fileID: 0}
    - target: {fileID: 5708213664847998609, guid: 15e32e5a96ee7e144ac5386f28fa0a62, type: 3}
      propertyPath: m_LocalEulerAnglesHint.z
      value: 0
      objectReference: {fileID: 0}
    m_RemovedComponents: []
  m_SourcePrefab: {fileID: 100100000, guid: 15e32e5a96ee7e144ac5386f28fa0a62, type: 3}
--- !u!1001 &959883226604368134
PrefabInstance:
  m_ObjectHideFlags: 0
  serializedVersion: 2
  m_Modification:
    m_TransformParent: {fileID: 0}
    m_Modifications:
    - target: {fileID: 959883225468428680, guid: 52f497e64beea3747943fcd8b8a1dcba, type: 3}
      propertyPath: m_Name
      value: Dice
      objectReference: {fileID: 0}
    - target: {fileID: 959883225468428681, guid: 52f497e64beea3747943fcd8b8a1dcba, type: 3}
      propertyPath: m_RootOrder
      value: 20
      objectReference: {fileID: 0}
    - target: {fileID: 959883225468428681, guid: 52f497e64beea3747943fcd8b8a1dcba, type: 3}
      propertyPath: m_LocalPosition.x
      value: 0
      objectReference: {fileID: 0}
    - target: {fileID: 959883225468428681, guid: 52f497e64beea3747943fcd8b8a1dcba, type: 3}
      propertyPath: m_LocalPosition.y
      value: 30
      objectReference: {fileID: 0}
    - target: {fileID: 959883225468428681, guid: 52f497e64beea3747943fcd8b8a1dcba, type: 3}
      propertyPath: m_LocalPosition.z
      value: 15
      objectReference: {fileID: 0}
    - target: {fileID: 959883225468428681, guid: 52f497e64beea3747943fcd8b8a1dcba, type: 3}
      propertyPath: m_LocalRotation.w
      value: 1
      objectReference: {fileID: 0}
    - target: {fileID: 959883225468428681, guid: 52f497e64beea3747943fcd8b8a1dcba, type: 3}
      propertyPath: m_LocalRotation.x
      value: 0
      objectReference: {fileID: 0}
    - target: {fileID: 959883225468428681, guid: 52f497e64beea3747943fcd8b8a1dcba, type: 3}
      propertyPath: m_LocalRotation.y
      value: 0
      objectReference: {fileID: 0}
    - target: {fileID: 959883225468428681, guid: 52f497e64beea3747943fcd8b8a1dcba, type: 3}
      propertyPath: m_LocalRotation.z
      value: 0
      objectReference: {fileID: 0}
    - target: {fileID: 959883225468428681, guid: 52f497e64beea3747943fcd8b8a1dcba, type: 3}
      propertyPath: m_LocalEulerAnglesHint.x
      value: 0
      objectReference: {fileID: 0}
    - target: {fileID: 959883225468428681, guid: 52f497e64beea3747943fcd8b8a1dcba, type: 3}
      propertyPath: m_LocalEulerAnglesHint.y
      value: 0
      objectReference: {fileID: 0}
    - target: {fileID: 959883225468428681, guid: 52f497e64beea3747943fcd8b8a1dcba, type: 3}
      propertyPath: m_LocalEulerAnglesHint.z
      value: 0
      objectReference: {fileID: 0}
    m_RemovedComponents: []
  m_SourcePrefab: {fileID: 100100000, guid: 52f497e64beea3747943fcd8b8a1dcba, type: 3}
